<?xml version="1.0" encoding="UTF-8"?>
<collection xmlns:xsi="http://www.w3.org/2001/XMLSchema-instance" xsi:schemaLocation="http://www.loc.gov/MARC21/slim http://www.loc.gov/standards/marcxml/schema/MARC21slim.xsd" xmlns="http://www.loc.gov/MARC21/slim">
<record>
  <leader>00763cam a22001931  4500</leader>
  <controlfield tag="001">3068008</controlfield>
  <controlfield tag="003">NNC</controlfield>
  <controlfield tag="005">20150920222918.0</controlfield>
  <controlfield tag="008">010817s1895    ua            000 0 ara d</controlfield>
  <datafield tag="035" ind1=" " ind2=" ">
    <subfield code="a">(OCoLC)ocm47799571</subfield>
  </datafield>
  <datafield tag="035" ind1=" " ind2=" ">
    <subfield code="9">ATP0424CU</subfield>
  </datafield>
  <datafield tag="035" ind1=" " ind2=" ">
    <subfield code="a">(NNC)3068008</subfield>
  </datafield>
  <datafield tag="040" ind1=" " ind2=" ">
    <subfield code="a">ZCU</subfield>
    <subfield code="c">ZCU</subfield>
  </datafield>
  <datafield tag="099" ind1=" " ind2=" ">
    <subfield code="a">893.796</subfield>
    <subfield code="a">Sa454</subfield>
  </datafield>
  <datafield tag="100" ind1="1" ind2=" ">
    <subfield code="a">Samannūdī, Ibrāhīm.</subfield>
  </datafield>
  <datafield tag="245" ind1="1" ind2="0">
    <subfield code="a">Kitāb Saʻādat al-dārayn, fī al-radd ʻalá al-firqatayn al-Wahhābīyah wa-Muqalladat al-Ẓāhirīyah;</subfield>
    <subfield code="b">wa-yashtamilu ʻalá tārīkh inshāʾ al-Manṣūrah wa-ḥādithat muftīhā al-mashhūrah,</subfield>
    <subfield code="c">taʾlīf ... al-shȧykh Ibrāhīm al-Samannūdī al-Manṣūrī.</subfield>
  </datafield>
  <datafield tag="260" ind1=" " ind2=" ">
    <subfield code="a">Miṣr,</subfield>
    <subfield code="b">Maṭb. Jarīdat al-Islām</subfield>
    <subfield code="c">1313 [1895]</subfield>
  </datafield>
  <datafield tag="300" ind1=" " ind2=" ">
    <subfield code="a">2 v.</subfield>
  </datafield>
  <datafield tag="955" ind1=" " ind2=" ">
    <subfield code="b">0026817047</subfield>
    <subfield code="d">glx</subfield>
    <subfield code="e">893.796 Sa454</subfield>
    <subfield code="v">v.2</subfield>
  </datafield>
</record>
</collection>